@article{tutorSpeckle,
  author     = {Argenti and Lapin and Bianchi and Alparone},
  date-added = {2013-09-30},
  journal    = {IEEE Xplore},
  number     = {2},
  pages      = {6-35},
  title      = {A Tutorial on Speckle Reduction in Synthetic Aperture Radar Images},
  volume     = {1},
  year       = 2013
}

@article{DL_SAR,
  author  = {Lattari and Leon and Asaro and Rucci and Prati and Matteucci},
  journal = {remote sensing},
  number  = {1},
  pages   = {20},
  title   = {Deep Learning for SAR Image Despeckling},
  volume  = {1},
  year    = {2019}
}